@misc{IEA2017,
  title        = {Digitalization and Energy},
  author       = {{International Energy Agency}},
  year         = {2017},
  howpublished = {IEA Report},
  url          = {https://www.iea.org/reports/digitalization-and-energy}
}

@article{Palensky2011,
  title   = {Demand Side Management: Demand Response, Intelligent Energy Systems, and Smart Loads},
  author  = {Palensky, Peter and Dietrich, Dietmar},
  journal = {IEEE Transactions on Industrial Informatics},
  volume  = {7},
  number  = {3},
  pages   = {381--388},
  year    = {2011},
  doi     = {10.1109/TII.2011.2158841}
}

@book{BoxJenkins2015,
  title     = {Time Series Analysis: Forecasting and Control},
  author    = {Box, George E. P. and Jenkins, Gwilym M. and Reinsel, Gregory C. and Ljung, Greta M.},
  edition   = {5},
  publisher = {Wiley},
  year      = {2015}
}

@book{Hyndman2021,
  title     = {Forecasting: Principles and Practice},
  author    = {Hyndman, Rob J. and Athanasopoulos, George},
  edition   = {3},
  publisher = {OTexts},
  year      = {2021},
  url       = {https://otexts.com/fpp3/}
}

@book{Maciejowski2002,
  title     = {Predictive Control with Constraints},
  author    = {Maciejowski, Jan M.},
  publisher = {Prentice Hall},
  year      = {2002}
}

@book{Hastie2009,
  title     = {The Elements of Statistical Learning},
  author    = {Hastie, Trevor and Tibshirani, Robert and Friedman, Jerome},
  edition   = {2},
  publisher = {Springer},
  year      = {2009},
  doi       = {10.1007/978-0-387-84858-7}
}

@article{Islam2017,
  title   = {Short-Term Solar Power Forecasting: A Review},
  author  = {Islam, Md Nazmus Sakib and Dong, Zhao Yang and Luo, Fengji and Meng, Ke and Wong, Kit Po},
  journal = {Renewable and Sustainable Energy Reviews},
  volume  = {77},
  pages   = {265--275},
  year    = {2017},
  doi     = {10.1016/j.rser.2017.04.073}
}

@article{Antonanzas2016,
  title   = {Review of Photovoltaic Power Forecasting},
  author  = {Antonanzas, Javier and Osorio, Nicolas and Escobar, Ram{\'o}n and Urraca, Ra{\'u}l and de Pison, Francisco M. and Antonanzas-Torres, Francisco},
  journal = {Solar Energy},
  volume  = {136},
  pages   = {78--111},
  year    = {2016},
  doi     = {10.1016/j.solener.2016.06.069}
}
